@article{hyndman5forecast,
  title={forecast: Forecasting functions for time series and linear models, 2013},
  author={Hyndman, Rob J and Athanasopoulos, George and Razbash, Slava and Schmidt, Drew and Zhou, Zhenyu and Khan, Yousaf and Bergmeir, Christoph and Wang, Earo},
  journal={R package version},
  volume={5}
},
@inproceedings{kwak2010twitter,
  title={What is Twitter, a social network or a news media?},
  author={Kwak, Haewoon and Lee, Changhyun and Park, Hosung and Moon, Sue},
  booktitle={Proceedings of the 19th international conference on World wide web},
  pages={591--600},
  year={2010},
  organization={ACM}
},
@article{mayfield2008social,
  title={What is social media},
  author={Mayfield, Antony},
  year={2008}
},
@inproceedings{castillo2011information,
  title={Information credibility on twitter},
  author={Castillo, Carlos and Mendoza, Marcelo and Poblete, Barbara},
  booktitle={Proceedings of the 20th international conference on World wide web},
  pages={675--684},
  year={2011},
  organization={ACM}
},
@article{liu2012sentiment,
  title={Sentiment analysis and opinion mining},
  author={Liu, Bing},
  journal={Synthesis lectures on human language technologies},
  volume={5},
  number={1},
  pages={1--167},
  year={2012},
  publisher={Morgan \& Claypool Publishers}
},
@article{kotsiantis2006data,
  title={Data preprocessing for supervised leaning},
  author={Kotsiantis, SB and Kanellopoulos, D and Pintelas, PE},
  journal={International Journal of Computer Science},
  volume={1},
  number={2},
  pages={111--117},
  year={2006},
  publisher={Citeseer}
}


